@book{michiel,
	author = "Anil Maheshwari and Michiel Smid",
	title = "Introduction to Theory of Computation",
	year = "2017",
	publisher = "Carleton University",
	address = "Ottawa, Canada"
}
@article{mine,
	author = "Richard Kaye",
	title = "Minesweeper is NP-Complete",
	journal = "The Mathematical Intelligencer",
	volume = "22",
	number = "2",
	pages = "9-15",
	year = "2000",
	DOI = "doi:10.1007/BF03025367" 
}
@book{college,
	author = "The College Board",
	title = "AP Physics 1: Algebra 1-Based and AP Physics 2: Algebra 1-Based - Course and Exam Description",
	year = "2014",
	publisher = "The College Board",
	address = "New York, NY"	
}
